<record><leader>00000cas a2200000 i 4500</leader><controlfield tag="001">9266276</controlfield><controlfield tag="008">830301d184u18uumau x ne      0    0eng c</controlfield><datafield ind1=" " ind2=" " tag="010"><subfield code="a">sn 83020118 </subfield></datafield><datafield ind1=" " ind2=" " tag="040"><subfield code="a">NPX</subfield><subfield code="b">eng</subfield><subfield code="e">rda</subfield><subfield code="c">NPX</subfield><subfield code="d">OCLCQ</subfield><subfield code="d">OCLCO</subfield><subfield code="d">IUL</subfield><subfield code="d">OCLCF</subfield></datafield><datafield ind1=" " ind2=" " tag="042"><subfield code="a">pcc</subfield></datafield><datafield ind1=" " ind2=" " tag="043"><subfield code="a">n-us-ma</subfield></datafield><datafield ind1="0" ind2="0" tag="245"><subfield code="a">Dedham comet.</subfield></datafield><datafield ind1="1" ind2="3" tag="246"><subfield code="a">Comet</subfield></datafield><datafield ind1=" " ind2="1" tag="264"><subfield code="a">Dedham, Mass. :</subfield><subfield code="b">H. Mann</subfield></datafield><datafield ind1=" " ind2=" " tag="300"><subfield code="a">volumes ;</subfield><subfield code="c">42 cm</subfield></datafield><datafield ind1=" " ind2=" " tag="310"><subfield code="a">Irregular</subfield></datafield><datafield ind1=" " ind2=" " tag="336"><subfield code="a">text</subfield><subfield code="b">txt</subfield><subfield code="2">rdacontent</subfield></datafield><datafield ind1=" " ind2=" " tag="337"><subfield code="a">unmediated</subfield><subfield code="b">n</subfield><subfield code="2">rdamedia</subfield></datafield><datafield ind1=" " ind2=" " tag="338"><subfield code="a">volume</subfield><subfield code="b">nc</subfield><subfield code="2">rdacarrier</subfield></datafield><datafield ind1=" " ind2=" " tag="500"><subfield code="a">Campaign paper of the Whig party.</subfield></datafield><datafield ind1=" " ind2=" " tag="588"><subfield code="a">Description based on: Vol. 1, (new series) no. 18 (July 27, 1844); title from masthead, Readex, America's Historical Newspapers (viewed October 19, 2017).</subfield></datafield><datafield ind1=" " ind2=" " tag="588"><subfield code="a">Latest issue consulted: Vol. 1, (new series) no. 19 (December 1844); Readex, America's Historical Newspapers (viewed October 19, 2017).</subfield></datafield><datafield ind1=" " ind2="0" tag="651"><subfield code="a">Dedham (Mass.)</subfield><subfield code="v">Newspapers.</subfield></datafield><datafield ind1=" " ind2="0" tag="651"><subfield code="a">Norfolk County (Mass.)</subfield><subfield code="v">Newspapers.</subfield></datafield><datafield ind1=" " ind2="7" tag="651"><subfield code="a">Massachusetts</subfield><subfield code="z">Dedham.</subfield><subfield code="2">fast</subfield><subfield code="0">(OCoLC)fst01209955</subfield></datafield><datafield ind1=" " ind2="7" tag="651"><subfield code="a">Massachusetts</subfield><subfield code="z">Norfolk County.</subfield><subfield code="2">fast</subfield><subfield code="0">(OCoLC)fst01221319</subfield></datafield><datafield ind1=" " ind2="7" tag="655"><subfield code="a">Newspapers.</subfield><subfield code="2">fast</subfield><subfield code="0">(OCoLC)fst01423814</subfield></datafield><datafield ind1="2" ind2=" " tag="710"><subfield code="a">Whig Party (Mass.),</subfield><subfield code="e">issuing body.</subfield></datafield><datafield ind1=" " ind2=" " tag="752"><subfield code="a">United States</subfield><subfield code="b">Massachusetts</subfield><subfield code="c">Norfolk</subfield><subfield code="d">Dedham.</subfield></datafield><datafield ind1="4" ind2="1" tag="856"><subfield code="u">http://proxyiub.uits.iu.edu/login?url=http://infoweb.newsbank.com/?db=EANX&amp;s_browseRef=decades/157E631797EF1D47/all.xml</subfield></datafield></record>